@ARTICLE {Brieman01,
    author  = "Brieman, Leo",
    title   = "Random Forests",
    journal = "Machine Learning",
    year    = "2001",
    volume  = "45",
    number  = "1",
    pages   = "5-32"
}

@ARTICLE {Aslam07,
    author  = {Aslam, J.A. and Popa, R.A. and Rives,  R.L.},
    title   = {On Estimating the Size and Confidence of a Statistical Audit},
    journal = {Proc. Usenix/Accurate Electronic Voting Technology on Usenix/Accurate Electronic Voting Technology Workshop},
    year    = {2007},
    volume  = "",
    number  = "",
    pages   = "8"
}


@ARTICLE {Ho98,
    author  = {Ho, T.K.},
    title   = {The random subspace method for constructing decision forests},
    journal = {IEEE Trans. Pattern Anal. Mach. Intell.},
    year    = {1998},
    volume  = "20",
    number  = "8",
    pages   = "832-844"
}

@ARTICLE {Ho93,
    author  = {Ho, T.K.},
    title   = {Recognition of Handwritten Digits by Combining Independent Learning Vector Quantizations},
    journal = {Proceedings of the Second International Conference on Document Analysis and Recognition},
    year    = {1993},
    volume  = "",
    number  = "",
    pages   = "818-821"
}

@ARTICLE {Ho95,
    author  = {Ho, T.K.},
    title   = {Random decision forests},
    journal = {Proceedings of the Third International Conference on Document Analysis and Recognition},
    year    = {1995},
    volume  = "",
    number  = "",
    pages   = "278-282"
}